@misc{metadata,
  doi = {10.22008/FK2/IW73UU},
  url = {https://dataverse.geus.dk/citation?persistentId=doi:10.22008/FK2/IW73UU},
  author = {How,  P. and Abermann,  J. and Ahlstrom,  A.P. and Andersen,  S.B. and Box,  J. E. and Citterio,  M. and Colgan,  W.T. and Fausto.,  R.S. and Karlsson,  N.B. and Jakobsen,  J. and Langley,  K. and Larsen,  S.H. and Lund,  M.C. and Mankoff,  K.D. and Pedersen,  A.O and Rutishauser,  A. and Shield,  C.L. and Solgaard,  A.M. and Van As,  D. and Vandecrux,  B. and Wright,  P.J.},
  title = {PROMICE and GC-Net automated weather station data in Greenland},
  publisher = {GEUS Dataverse},
  year = {2022},
note = {url: \url{https://dataverse.geus.dk/citation?persistentId=doi:10.22008/FK2/IW73UU}}
}

@article{Fausto:2021,
  title = {Programme for Monitoring of the Greenland Ice Sheet (PROMICE) automatic weather station data},
  volume = {13},
  ISSN = {1866-3516},
  url = {http://dx.doi.org/10.5194/essd-13-3819-2021},
  DOI = {10.5194/essd-13-3819-2021},
  number = {8},
  journal = {Earth System Science Data},
  publisher = {Copernicus GmbH},
  author = {Fausto,  Robert S. and van As,  Dirk and Mankoff,  Kenneth D. and Vandecrux,  Baptiste and Citterio,  Michele and Ahlstrom,  Andreas P. and Andersen,  Signe B. and Colgan,  William and Karlsson,  Nanna B. and Kjeldsen,  Kristian K. and Korsgaard,  Niels J. and Larsen,  Signe H. and Nielsen,  Søren and Pedersen,  Allan O. and Shields,  Christopher L. and Solgaard,  Anne M. and Box,  Jason E.},
  year = {2021},
  month = aug,
  pages = {3819-3845}
}

@article{Luerig:2021,
  title = {Non‐additive effects of foundation species determine the response of aquatic ecosystems to nutrient perturbation},
  volume = {102},
  ISSN = {1939-9170},
  url = {http://dx.doi.org/10.1002/ecy.3371},
  DOI = {10.1002/ecy.3371},
  number = {7},
  journal = {Ecology},
  publisher = {Wiley},
  author = {L\"{u}rig,  Moritz D. and Narwani,  Anita and Penson,  Hannele and Wehrli,  Bernhard and Spaak,  Piet and Matthews,  Blake},
  year = {2021},
  month = jun 
}

@Article{Moritz:2017,
    title = {{imputeTS: Time Series Missing Value Imputation in R}},
    author = {Steffen Moritz and Thomas Bartz-Beielstein},
    journal = {{The R Journal}},
    volume = {9},
    number = {1},
    pages = {207--218},
    year = {2017},
    doi = {10.32614/RJ-2017-009},
  }

@Article{Winslow:2016,
    author = {Luke A Winslow and Jake A Zwart and Ryan D Batt and Hilary A Dugan and Richard I Woolway and Jessica R Corman and Jordan S Read},
    title = {LakeMetabolizer: An R package for estimating lake metabolism from free-water oxygen using diverse statistical models},
    journal = {Inland Waters},
    year = {2016},
    volume = {6},
    number = {4},
    doi = {10.1080/IW-6.4.883},
    url = {https://github.com/GLEON/LakeMetabolizer},
  }

@Manual{R,
    title = {R: A Language and Environment for Statistical Computing},
    author = {{R Core Team}},
    organization = {R Foundation for Statistical Computing},
    address = {Vienna, Austria},
    year = {2024},
    url = {https://www.R-project.org/},
  }

@article{Holtgrieve:2010,
  title = {Simultaneous quantification of aquatic ecosystem metabolism and reaeration using a Bayesian statistical model of oxygen dynamics},
  volume = {55},
  ISSN = {1939-5590},
  url = {http://dx.doi.org/10.4319/lo.2010.55.3.1047},
  DOI = {10.4319/lo.2010.55.3.1047},
  number = {3},
  journal = {Limnology and Oceanography},
  publisher = {Wiley},
  author = {Holtgrieve,  Gordon W. and Schindler,  Daniel E. and Branch,  Trevor A. and A’mar,  Z. Teresa},
  year = {2010},
  month = mar,
  pages = {1047-1063}
}

@article{Vachon:2013,
  title = {The ecosystem size and shape dependence of gas transfer velocity versus wind speed relationships in lakes},
  volume = {70},
  ISSN = {1205-7533},
  url = {http://dx.doi.org/10.1139/cjfas-2013-0241},
  DOI = {10.1139/cjfas-2013-0241},
  number = {12},
  journal = {Canadian Journal of Fisheries and Aquatic Sciences},
  publisher = {Canadian Science Publishing},
  author = {Vachon,  Dominic and Prairie,  Yves T.},
  editor = {Smith,  Ralph},
  year = {2013},
  month = dec,
  pages = {1757-1764}
}

@article{Britton:1976,
  title = {Relationships of photosynthetically active radiation and shortwave irradiance},
  volume = {17},
  ISSN = {0002-1571},
  url = {http://dx.doi.org/10.1016/0002-1571(76)90080-7},
  DOI = {10.1016/0002-1571(76)90080-7},
  number = {1},
  journal = {Agricultural Meteorology},
  publisher = {Elsevier BV},
  author = {Britton,  C.M. and Dodd,  J.D.},
  year = {1976},
  month = jul,
  pages = {1-7}
}