@article{Winslow2016,
  doi = {10.1080/iw-6.4.883},
  url = {https://doi.org/10.1080/iw-6.4.883},
  year = {2016},
  month = jan,
  publisher = {Informa {UK} Limited},
  volume = {6},
  number = {4},
  pages = {622--636},
  author = {Luke A. Winslow and Jacob A. Zwart and Ryan D. Batt and Hilary A. Dugan and R. Iestyn Woolway and Jessica R. Corman and Paul C. Hanson and Jordan S. Read},
  title = {{LakeMetabolizer}: an R package for estimating lake metabolism from free-water oxygen using diverse statistical models},
  journal = {Inland Waters}
}

